@comment{
各自追加し、適宜マージしてください。
citeする際の名前が被らないようにするのは運用でカバーした方がいいと思います。
とりあえず、citeする名前を"記事リポジトリ名-論文タイトル短縮"などが良いかと
思います。

参考文献表示はbibbysectionで行ってください。
}

